% ARTIGOS

@article{liu16,
    author =       "Qingwen Liu",
    title =        "Charging Unplugged",
    subtitle = "Will Distributed Laser Charging for Mobile Wireless Power Transfer Work?",
    journal =      "IEEE Vehicular Technology Magazine",
    volume =       "11",
    pages =        "36--45",
    year =         "2016",
    DOI =          "10.1109/MVT.2016.2594944"
}

% LIVROS

@book{heitler84,
    author    = "Walter Heitler",
    title     = "The quantum theory of radiation",
    year      = "1984",
    publisher = "Dover Publications",
    address   = "New York",
    edition = "3"
}

@book{zilio09,
    author    = "Sérgio C. Zilio",
    title     = "Óptica Moderna: fundamentos e aplicações",
    year      = "2009",
    publisher = "IFSC",
    address   = "São Paulo",
    edition = "1"
}

@book{svelt109,
    author    = "Orazio Svelto",
    title     = "Principles of Lasers",
    year      = "2010",
    publisher = "Springer",
    address   = "New York",
    edition = "5"
}

@book{bagnato08,
    author    = "Vanderlei Salvador Bagnato",
    title     = "Laser e suas aplicações em Ciência e Tecnologia",
    year      = "2008",
    publisher = "Livraria da Física",
    address   = "São Paulo",
    edition = "1"
}

@book{saleh91,
    author    = "Bahaa E. A. Saleh and Malvin Carl Teich",
    title     = "Fundamentals of photonics",
    year      = "1991",
    publisher = "John Wiley and Sons",
    address   = "New York",
    edition = "1"
}

@book{carroll78,
    author    = "John M. Carroll",
    title     = "Fundamentos y Aplicaciones del Laser",
    year      = "1978",
    publisher = "Macombo",
} % Obter mais informações sobre