@book{
	sears,
	crossref = {sears},
	volume = {4},
	title = {Sears e Zemansky: ótica e física moderna},
	author = {Hugh D. Young/ Roger A. Freedman},
	year = {2008},
}